@techreport{nakamoto2019bitcoin,
  title={Bitcoin: A peer-to-peer electronic cash system},
  author={Nakamoto, Satoshi},
  year={2019},
  institution={Manubot}
}

@article{wood2014ethereum,
  title={Ethereum: A secure decentralised generalised transaction ledger},
  author={Wood, Gavin and others},
  journal={Ethereum project yellow paper},
  volume={151},
  number={2014},
  pages={1--32},
  year={2014}
}

@article{chepurnoy2018edrax,
  title={Edrax: A Cryptocurrency with Stateless Transaction Validation.},
  author={Chepurnoy, Alexander and Papamanthou, Charalampos and Zhang, Yupeng},
  journal={IACR Cryptology ePrint Archive},
  volume={2018},
  pages={968},
  year={2018}
}

@techreport{dryja2019utreexo,
  title={Utreexo: A dynamic hash-based accumulator optimized for the Bitcoin UTXO set},
  author={Dryja, Thaddeus},
  year={2019},
  institution={IACR Cryptology ePrint Archive}
}

@inproceedings{driscoll1986making,
  title={Making data structures persistent},
  author={Driscoll, James R and Sarnak, Neil and Sleator, Daniel Dominic and Tarjan, Robert Endre},
  booktitle={Proceedings of the eighteenth annual ACM symposium on Theory of computing},
  pages={109--121},
  year={1986}
}

